@MISC{pandemicdef,
  author = {Cambridge Dictionary},
  title = {Definition of Pendemic},
  year = 2022,
  howpublished = {\url{https://dictionary.cambridge.org/dictionary/english/pandemic}},
}

@MISC{testsdef,
  author = {FDA},
  title = {In Vitro Diagnostics EUAs},
  year = 2022,
  howpublished = {\url{https://www.fda.gov/medical-devices/coronavirus-disease-2019-covid-19-emergency-use-authorizations-medical-devices/in-vitro-diagnostics-euas}},
}

@MISC{covid19def,
  author = {Centre for Health Protection},
  title = {Frequently Asked Questions on Coronavirus Disease 2019 ({COVID-19})},
  year = 2021,
  howpublished = {\url{https://www.chp.gov.hk/en/features/102624.html}},
}

@MISC{pooldef,
  author = {Mara G. Aspinall and Carl Yamashiro},
  title = {Testing More by Testing Less - Pooling test samples: How and when it works.},
  year = 2020,
  howpublished = {\url{https://chs.asu.edu/diagnostics-commons/blog/pooling-test-samples}},
}